@Book{hartley2004multiple, 
    author = "Hartley, R.~I. and Zisserman, A.",
    title = "Multiple View Geometry in Computer Vision",
    edition = "Second",
    year = "2004",
    publisher = "Cambridge University Press, ISBN: 0521540518"
}

@book{seber2012linear,
  title={Linear regression analysis},
  author={Seber, George AF and Lee, Alan J},
  volume={329},
  year={2012},
  publisher={John Wiley \& Sons}
}

@article{luong1993determining,
  title={On determining the fundamental matrix: Analysis of different methods and experimental results},
  author={Luong, Quang-Tuan and Deriche, Rachid and Faugeras, Olivier and Papadopoulo, Theodore},
  year={1993}
}

@article{zhang1998determining,
  title={Determining the epipolar geometry and its uncertainty: A review},
  author={Zhang, Zhengyou},
  journal={International journal of computer vision},
  volume={27},
  number={2},
  pages={161--195},
  year={1998},
  publisher={Springer}
}

@article{breiman1996bagging,
  title={Bagging predictors},
  author={Breiman, Leo},
  journal={Machine learning},
  volume={24},
  number={2},
  pages={123--140},
  year={1996},
  publisher={Springer}
}

@article{breiman2001random,
  title={Random forests},
  author={Breiman, Leo},
  journal={Machine learning},
  volume={45},
  number={1},
  pages={5--32},
  year={2001},
  publisher={Springer}
}

@article{lowe2004distinctive,
  title={Distinctive image features from scale-invariant keypoints},
  author={Lowe, David G},
  journal={International journal of computer vision},
  volume={60},
  number={2},
  pages={91--110},
  year={2004},
  publisher={Springer}
}

@article{dubrofsky2009homography,
  title={Homography estimation},
  author={Dubrofsky, Elan},
  journal={Diplomov{\'a} pr{\'a}ce. Vancouver: Univerzita Britsk{\'e} Kolumbie},
  year={2009}
}

@article{borchani2015survey,
  title={A survey on multi-output regression},
  author={Borchani, Hanen and Varando, Gherardo and Bielza, Concha and Larra{\~n}aga, Pedro},
  journal={Wiley Interdisciplinary Reviews: Data Mining and Knowledge Discovery},
  volume={5},
  number={5},
  pages={216--233},
  year={2015},
  publisher={Wiley Online Library}
}

@article{detone2016deep,
  title={Deep image homography estimation},
  author={DeTone, Daniel and Malisiewicz, Tomasz and Rabinovich, Andrew},
  journal={arXiv preprint arXiv:1606.03798},
  year={2016}
}

@article{liu2016multispectral,
  title={Multispectral deep neural networks for pedestrian detection},
  author={Liu, Jingjing and Zhang, Shaoting and Wang, Shu and Metaxas, Dimitris N},
  journal={arXiv preprint arXiv:1611.02644},
  year={2016}
}

@conference{bay2006surf,
  title={Surf: Speeded up robust features},
  author={Bay, Herbert and Tuytelaars, Tinne and Van Gool, Luc},
  booktitle={European conference on computer vision},
  pages={404--417},
  year={2006},
  organization={Springer}
}

@conference{correia2016oblique,
  title={Oblique random forest based on partial least squares applied to pedestrian detection},
  author={Correia, Artur Jordao Lima and Schwartz, William Robson},
  booktitle={2016 IEEE International Conference on Image Processing (ICIP)},
  pages={2931--2935},
  year={2016},
  organization={IEEE}
}